@article{del2012adaptive,
  title={An adaptive sequential Monte Carlo method for approximate Bayesian computation},
  author={Del Moral, Pierre and Doucet, Arnaud and Jasra, Ajay},
  journal={Statistics and Computing},
  volume={22},
  number={5},
  pages={1009--1020},
  year={2012},
  publisher={Springer}
},

@article{drummond2007beast,
  title={BEAST: Bayesian evolutionary analysis by sampling trees},
  author={Drummond, Alexei J and Rambaut, Andrew},
  journal={BMC evolutionary biology},
  volume={7},
  number={1},
  pages={214},
  year={2007},
  publisher={BioMed Central}
},

@book{freeman2004evolutionary,
  title={Evolutionary analysis},
  author={Freeman, Scott and Herron, Jon C},
  number={Sirsi) i9780131018594},
  year={2004},
  publisher={Pearson Education Upper Saddle River (NJ)}
},

@article{frost2010viral,
	title={Viral phylodynamics and the search for an {\textquoteleft}effective number of infections{\textquoteright}},
    author={Frost, Simon D. W. and Volz, Erik M.},
    journal={Philosophical Transactions of the Royal Society of London B: Biological Sciences},
	volume={365},
	number={1548},
	pages={1879--1890},
	year={2010},
	publisher = {The Royal Society}
},

@article{frost2015eight,
  title={Eight challenges in phylodynamic inference},
  author={Frost, Simon DW and Pybus, Oliver G and Gog, Julia R and Viboud, Cecile and Bonhoeffer, Sebastian and Bedford, Trevor},
  journal={Epidemics},
  volume={10},
  pages={88--92},
  year={2015},
  publisher={Elsevier}
},

@article{gernhard2008conditioned,
  title={The conditioned reconstructed process},
  author={Gernhard, Tanja},
  journal={Journal of theoretical biology},
  volume={253},
  number={4},
  pages={769--778},
  year={2008},
  publisher={Elsevier}
},

@article{han2009phyloxml,
  title={phyloXML: XML for evolutionary biology and comparative genomics},
  author={Han, Mira V and Zmasek, Christian M},
  journal={BMC bioinformatics},
  volume={10},
  number={1},
  pages={356},
  year={2009},
  publisher={BioMed Central}
},

@article{kuhner2014practical,
  title={Practical performance of tree comparison metrics},
  author={Kuhner, Mary K and Yamato, Jon},
  journal={Systematic biology},
  volume={64},
  number={2},
  pages={205--214},
  year={2014},
  publisher={Oxford University Press}
},

@article{luscombe2001bioinformatics,
  title={What is bioinformatics? A proposed definition and overview of the field},
  author={Luscombe, Nicholas M and Greenbaum, Dov and Gerstein, Mark and others},
  journal={Methods of information in medicine},
  volume={40},
  number={4},
  pages={346--358},
  year={2001},
  publisher={FK SCHATTAUER VERLAGSGESELLSCHAFT MBH}
},

@article{marin2016timetree,
  title={The timetree of prokaryotes: new insights into their evolution and speciation},
  author={Marin, Julie and Battistuzzi, Fabia U and Brown, Anais C and Hedges, S Blair},
  journal={Molecular biology and evolution},
  volume={34},
  number={2},
  pages={437--446},
  year={2016},
  publisher={Society for Molecular Biology and Evolution}
},

@article{mccloskey2016reconstructing,
  title={Reconstructing contact network parameters from viral phylogenies},
  author={McCloskey, Rosemary M and Liang, Richard H and Poon, Art FY},
  journal={Virus evolution},
  volume={2},
  number={2},
  pages={vew029},
  year={2016},
  publisher={Oxford University Press}
},

@inproceedings{park2016k2,
  title={K2-ABC: Approximate Bayesian Computation with Kernel Embeddings},
  author={Park, Mijung and Jitkrittum, Wittawat and Sejdinovic, Dino},
  booktitle={Artificial Intelligence and Statistics},
  pages={398--407},
  year={2016}
},

@article{poon2013mapping,
  title={Mapping the shapes of phylogenetic trees from human and zoonotic RNA viruses},
  author={Poon, Art FY and Walker, Lorne W and Murray, Heather and McCloskey, Rosemary M and Harrigan, P Richard and Liang, Richard H},
  journal={PLoS one},
  volume={8},
  number={11},
  pages={e78122},
  year={2013},
  publisher={Public Library of Science}
},

@article{poon2015phylodynamic,
  title={Phylodynamic inference with kernel ABC and its application to HIV epidemiology},
  author={Poon, Art FY},
  journal={Molecular biology and evolution},
  volume={32},
  number={9},
  pages={2483--2495},
  year={2015},
  publisher={Oxford University Press}
},

@misc{poon2017kaphi,
  author = {Poon, Art FY},
  title = {Kaphi},
  year = {2017},
  publisher = {GitHub},
  journal = {GitHub repository},
  howpublished = {\url{https://github.com/PoonLab/Kaphi}},
  commit = {5ce042c6e33f9492cb0600bd015c6844bd0f7968}
},

@article{sisson2007sequential,
  title={Sequential monte carlo without likelihoods},
  author={Sisson, Scott A and Fan, Yanan and Tanaka, Mark M},
  journal={Proceedings of the National Academy of Sciences},
  volume={104},
  number={6},
  pages={1760--1765},
  year={2007},
  publisher={National Acad Sciences}
},

@article{steel2001properties,
  title={Properties of phylogenetic trees generated by Yule-type speciation models},
  author={Steel, Mike and McKenzie, Andy},
  journal={Mathematical biosciences},
  volume={170},
  number={1},
  pages={91--112},
  year={2001},
  publisher={Elsevier}
},

@article{sunnaaker2013approximate,
  title={Approximate bayesian computation},
  author={Sunn{\aa}ker, Mikael and Busetto, Alberto Giovanni and Numminen, Elina and Corander, Jukka and Foll, Matthieu and Dessimoz, Christophe},
  journal={PLoS computational biology},
  volume={9},
  number={1},
  pages={e1002803},
  year={2013},
  publisher={Public Library of Science}
},

@article{tamma2015higher,
  title={Higher speciation and lower extinction rates influence mammal diversity gradients in Asia},
  author={Tamma, Krishnapriya and Ramakrishnan, Uma},
  journal={BMC evolutionary biology},
  volume={15},
  number={1},
  pages={11},
  year={2015},
  publisher={BioMed Central}
},

@article{yule1925mathematical,
  title={A mathematical theory of evolution, based on the conclusions of Dr. JC Willis, FRS},
  author={Yule, G Udny},
  journal={Philosophical transactions of the Royal Society of London. Series B, containing papers of a biological character},
  volume={213},
  pages={21--87},
  year={1925},
  publisher={JSTOR}
},

@book{zvelebil2007understanding,
  title={Understanding bioinformatics},
  author={Zvelebil, Marketa and Baum, Jeremy},
  year={2007},
  publisher={Garland Science}
}