% Example Reference %
@article{field1988molecular,
  title={Molecular phylogeny of the animal kingdom},
  author={Field, Katharine G and Olsen, Gary J and Lane, David J and Giovannoni, Stephen J and Ghiselin, Michael T and Raff, Elizabeth C and Pace, Norman R and Raff, Rudolf A},
  journal={Science},
  volume={239},
  number={4841},
  pages={748--753},
  year={1988},
  publisher={JSTOR}
}
